
@misc{Authors14,
 author = {Authors},
 title = {The frobnicatable foo filter},
 note = {Face and Gesture  submission ID 324. Supplied as additional material {\tt fg324.pdf}},
 year = 2014
}

@article{Tang,
   title={Neuroevolution of self-interpretable agents},
   url={http://dx.doi.org/10.1145/3377930.3389847},
   DOI={10.1145/3377930.3389847},
   journal={Proceedings of the 2020 Genetic and Evolutionary Computation Conference},
   publisher={ACM},
   author={Tang, Yujin and Nguyen, Duong and Ha, David},
   year={2020},
   month={Jun}
}

@misc{Vaswani,
      title={Attention Is All You Need}, 
      author={Ashish Vaswani and Noam Shazeer and Niki Parmar and Jakob Uszkoreit and Llion Jones and Aidan N. Gomez and Lukasz Kaiser and Illia Polosukhin},
      year={2017},
      eprint={1706.03762},
      archivePrefix={arXiv},
      primaryClass={cs.CL}
}
@misc{choromanski,
      title={Unlocking Pixels for Reinforcement Learning via Implicit Attention}, 
      author={Krzysztof Marcin Choromanski and Deepali Jain and Wenhao Yu and Xingyou Song and Jack Parker-Holder and Tingnan Zhang and Valerii Likhosherstov and Aldo Pacchiano and Anirban Santara and Yunhao Tang and Jie Tan and Adrian Weller},
      year={2021},
      eprint={2102.04353},
      archivePrefix={arXiv},
      primaryClass={cs.LG}
}
@misc{Performers,
      title={Rethinking Attention with Performers}, 
      author={Krzysztof Choromanski and Valerii Likhosherstov and David Dohan and Xingyou Song and Andreea Gane and Tamas Sarlos and Peter Hawkins and Jared Davis and Afroz Mohiuddin and Lukasz Kaiser and David Belanger and Lucy Colwell and Adrian Weller},
      year={2021},
      eprint={2009.14794},
      archivePrefix={arXiv},
      primaryClass={cs.LG}
}
@misc{LucidRains,
  author = {lucidrains},
  title = {Performer Pytorch},
  year = {2021},
  publisher = {GitHub},
  journal = {GitHub repository},
  howpublished = {\url{https://github.com/lucidrains/performer-pytorch}}
}

@misc{Authors14b,
 author = {Authors},
 title = {Frobnication tutorial},
 note = {Supplied as additional material {\tt tr.pdf}},
 year = 2014
}

@article{Alpher02,
author = {A. Alpher},
title = {Frobnication},
journal = {Journal of Foo},
volume = 12, 
number = 1, 
pages = {234--778}, 
year = 2002
}

@article{Alpher03,
author = {A. Alpher and  J.~P.~N. Fotheringham-Smythe},
title = {Frobnication revisited},
journal = {Journal of Foo},
volume = 13, 
number = 1, 
pages = {234--778}, 
year = 2003
}

@article{Alpher04,
author = {A. Alpher and J.~P.~N. Fotheringham-Smythe and G. Gamow},
title = {Can a machine frobnicate?},
journal = {Journal of Foo},
volume = 14, 
number = 1, 
pages = {234--778}, 
year = 2004
}
